@manual{INTRASIM:Manual,
    author    = {CEIT},
    title     = {Manual de usuario INTRASIM},
    year      = {2013},
    location  = {Pais Vasco}
}
@online{MVVM:Criticism,
    author = {Gossman, Josh},
    editor = {MSDN Blogs},
    title = {Advantages and disadvantages of M-V-VM},
    year = {04/03/2006},
    url = {http://blogs.msdn.com/b/johngossman/archive/2006/03/04/543695.aspx}
}

@online{WPF:Overview,
    author = {Chapell, David},
    editor =  {MSDN Library},
    title = {Introducing Windows Presentation Foundation},
    year = {September 2006},
    url = {http://msdn.microsoft.com/en-us/library/aa663364.aspx}
}

@online{WPFvsWinForms:Comparative,
    author = {Chapell, David},
    editor =  {MSDN Library},
    title = {Addressing the Problem: What Windows Presentation Foundation Provides},
    year = {September 2006},
    url = {http://msdn.microsoft.com/en-us/library/aa663364.aspx#introducingwpf_topic3}
}
